<?xml version="1.0" encoding="UTF-8"?><record xmlns="http://www.loc.gov/MARC21/slim" xmlns:cinclude="http://apache.org/cocoon/include/1.0" xmlns:zs="http://www.loc.gov/zing/srw/">
  <leader>01094cz  a2200169n  4500</leader>
  <controlfield tag="001">n  98035176 </controlfield>
  <controlfield tag="003">DLC</controlfield>
  <controlfield tag="005">20120809084158.0</controlfield>
  <controlfield tag="008">980415n| acannaab           |a ana      </controlfield>
  <datafield tag="010" ind1=" " ind2=" ">
    <subfield code="a">n  98035176 </subfield>
  </datafield>
  <datafield tag="040" ind1=" " ind2=" ">
    <subfield code="a">DLC</subfield>
    <subfield code="b">eng</subfield>
    <subfield code="c">DLC</subfield>
    <subfield code="d">DLC</subfield>
  </datafield>
  <datafield tag="111" ind1="2" ind2=" ">
    <subfield code="a">Vsesoi︠u︡znoe nauchno-tekhnicheskoe soveshchanie po itogam likvidat︠s︡ii posledstviĭ avarii na Chernobylʹskoĭ AĖS</subfield>
  </datafield>
  <datafield tag="411" ind1="2" ind2=" ">
    <subfield code="a">Chernobylʹ-92</subfield>
  </datafield>
  <datafield tag="511" ind1="2" ind2=" ">
    <subfield code="w">b</subfield>
    <subfield code="a">Mezhdunarodnai︠a︡ nauchno-tekhnicheskai︠a︡ konferent︠s︡ii︠a︡ Chernobylʹ</subfield>
  </datafield>
  <datafield tag="667" ind1=" " ind2=" ">
    <subfield code="a">THIS 1XX FIELD CANNOT BE USED UNDER RDA UNTIL THIS RECORD HAS BEEN REVIEWED AND/OR UPDATED</subfield>
  </datafield>
  <datafield tag="670" ind1=" " ind2=" ">
    <subfield code="a">Chernobylʹ 92, 1992:</subfield>
    <subfield code="b">v. 1, t.p. (Vsesoi︠u︡znogo nauchno-tekhnicheskogo soveshchanii︠a︡ po itogam likvidat︠s︡ii posledstviĭ avarii na Chernobylʹskoĭ AĖS) p. 5 (3rd held in Zelenyĭ Mys in May 1992)</subfield>
  </datafield>
  <datafield tag="675" ind1=" " ind2=" ">
    <subfield code="a">LC data base, 04-15-98: t.p. (hdg.: Mezhdunarodnai︠a︡ nauchno-tekhnicheskai︠a︡ konferent︠s︡ii︠a︡ Chernobylʹ; usage: Mezhdunarodnai︠a︡ nauchno-tekhnicheskai︠a︡ konferent︠s︡ii︠a︡ Chernobylʹ; Chernobylʹ-94)</subfield>
  </datafield>
</record>